<record><leader>00000cas a22000007a 4500</leader><controlfield tag="001">32045330</controlfield><controlfield tag="008">950224d19891995ncuwr ne      0    0eng d</controlfield><datafield ind1=" " ind2=" " tag="010"><subfield code="a">sn 95072304 </subfield></datafield><datafield ind1=" " ind2=" " tag="040"><subfield code="a">NVJ</subfield><subfield code="b">eng</subfield><subfield code="c">NVJ</subfield><subfield code="d">OCLCQ</subfield></datafield><datafield ind1=" " ind2=" " tag="042"><subfield code="a">msc</subfield></datafield><datafield ind1="0" ind2="4" tag="245"><subfield code="a">The Hamlet news-messenger.</subfield></datafield><datafield ind1=" " ind2=" " tag="260"><subfield code="a">Hamlet, N.C. :</subfield><subfield code="b">Roy H. Park</subfield></datafield><datafield ind1=" " ind2=" " tag="300"><subfield code="a">v.</subfield></datafield><datafield ind1=" " ind2=" " tag="310"><subfield code="a">Weekly</subfield></datafield><datafield ind1="0" ind2=" " tag="362"><subfield code="a">81st year, no. 38 (June 29, 1989)-</subfield></datafield><datafield ind1="1" ind2=" " tag="362"><subfield code="a">Ceased Jan. 18, 1995.</subfield></datafield><datafield ind1=" " ind2=" " tag="752"><subfield code="a">United States</subfield><subfield code="b">North Carolina</subfield><subfield code="c">Richmond</subfield><subfield code="d">Hamlet.</subfield></datafield><datafield ind1="0" ind2="0" tag="780"><subfield code="t">News messenger (Hamlet, N.C. : 1981)</subfield><subfield code="w">(DLC)sn 95072303</subfield></datafield></record>